@misc{lr11xx_driver,
    title = {{LR11xx driver}},
    author = {Lora-net},
    year = {2023},
    publisher = {GitHub},
    journal = {GitHub repository},
    howpublished = {\url{https://github.com/Lora-net/SWDR001}},
    commit = {e0fa771},
    note = {Accessed: 09.02.2024}
}

@misc{What_is_GNSS,
    title = {{What is GNSS?}},
    author = {EUSPA},
    year = {2023},
    howpublished = {\url{https://www.euspa.europa.eu/european-space/eu-space-programme/what-gnss}},
    note = {Accessed: 15.02.2024}
}

@misc{UART1,
    title = {Understanding UART},
    author = {Rohde & Schwarz},
    howpublished = {\url{https://www.rohde-schwarz.com/products/test-and-measurement/essentials-test-equipment/digital-oscilloscopes/understanding-uart_254524.html?change_c=true}},
    year = {n.d.},
    note = {Accessed: 15.02.2024}
}

@misc{UART2,
    title = {{Universal Asynchronous Receiver-Transmitter (UART)}},
    author = {Hannes Siebeneicher},
    year = {2024},
    howpublished = {\url{https://docs.arduino.cc/learn/communication/uart/}},
    note = {Accessed: 15.02.2024}
}

@misc{SPI_sparkfun,
    title = {{Serial Peripheral Interface (SPI)}},
    author = {Mike Grusin},
    year = {2025},
    howpublished = {\url{https://learn.sparkfun.com/tutorials/serial-peripheral-interface-spi/all}},
    note = {Accessed: 15.02.2024}
}

@misc{SPI_analog,
    title = {{Introduction to SPI Interface}},
    author = {Piyu Dhaker},
    year = {2018},
    howpublished = {\url{https://www.analog.com/en/resources/analog-dialogue/articles/introduction-to-spi-interface.html}},
    note = {Accessed: 15.02.2024}
}

@misc{SPI_wiki,
    title = {{Universal Asynchronous Receiver-Transmitter (UART)}},
    author = {Wikipedia},
    year = {n.d.},
    howpublished = {\url{https://en.wikipedia.org/wiki/Serial_Peripheral_Interface}},
    note = {Accessed: 15.02.2024}
}

@misc{LoRa_bandwidth_range,
    title = {{What are LoRa and LoRaWAN?}},
    author = {The Things Network},
    year = {2021},
    howpublished = {\url{https://www.thethingsnetwork.org/docs/lorawan/what-is-lorawan/#bandwidth-vs-range}},
    note = {Accessed: 20.02.2024}
}

@misc{MAC_address,
    title = {{MAC address (media access control address)}},
    author = {Kinza Yasar},
    year = {2022},
    howpublished = {\url{https://www.techtarget.com/searchnetworking/definition/MAC-address}},
    note = {Accessed: 07.03.2024}
}

@misc{LoRaWAN_1_0,
    title = {{LoRaWA Specification}},
    author = {LoRa Alliance, Inc.},
    year = {2015},
    howpublished = {\url{https://resources.lora-alliance.org/technical-specifications/lorawan-specification-v1-0}},
    note = {Accessed: 25.02.2024}
}

@manual{LR1110_user_manual,
    title = {{LR1110 Transceiver User Manual}},
    author = {Semtech},
    year = {2023}
}

@manual{LR1110_datasheet,
    title = {{LR1110 Low Power Wi-Fi/ GNSS Scanner+LoRa® Transceiver}},
    author = {Semtech},
    year = {2023}
}

@manual{LR1110_pcb_design_guide,
    title = {{AN1200.66, Application note: PCB Design Guidelines}},
    author = {Semtech},
    year = {2022}
}

@manual{STM32L4_application_note,
    title = {{AN4621, Application note: STM32L4 and STM32L4+ ultra-low-power features overview}},
    author = {ST},
    year = {2019}
}

@manual{Semtech_api,
    title = {{LoRa Cloud}},
    author = {Semtech},
    year = {2020},
    howpublished = {\url{https://www.loracloud.com/documentation/geolocation}}
}

@misc{IEEE802,
    title = {{The Evolution of Wi-Fi Technology and Standards}},
    author = {IEEE Standard Association},
    year = {2023},
    howpublished = {\url{https://standards.ieee.org/beyond-standards/the-evolution-of-wi-fi-technology-and-standards/#:~:text=IEEE%20802.11%E2%84%A2%20is%20the%20pioneering%202.4%20GHz%20Wi%2DFi,used%20wireless%20computer%20networking%20protocols.}},
    note = {Accessed: 14.03.2024}
}

@techreport{ISO19130,
    address = {Geneva, CH},
    type = {Standard},
    title = {Geographic information — Imagery sensor models for geopositioning},
    shorttitle = {{ISO}/{IEC} {TR} 19130-1:2018(E)},
    url = {https://www.iso.org/standard/66847.html},
    language = {en},
    number = {ISO/IEC TR 19130-1:2018(E)},
    institution = {International Organization for Standardization},
    author = {{ISO Central Secretary}},
    year = {2018}
}

@manual{STM32_Nucleo_user_manual,
    title = {{UM1724, User manual: STM32 Nucleo-64 boards (MB1136)}},
    author = {ST},
    year = {2020}
}

